%% This BibTeX bibliography file was created using BibDesk.
%% http://bibdesk.sourceforge.net/

%% Created for Teun Zwart at 2016-06-12 16:36:28 +0200 


%% Saved with string encoding Unicode (UTF-8) 



@article{kim:1998,
	Author = {Jae-Kwon Kim and D. P. Landau},
	Date-Added = {2016-06-07 14:27:06 +0000},
	Date-Modified = {2016-06-07 14:27:57 +0000},
	Journal = {Physica A},
	Pages = {362-372},
	Title = {Corrections to finite-size-scaling in two dimensional Potts models},
	Volume = {250},
	Year = {1998}}

@article{nightingale:1996,
	Author = {M. P. Nightingale and H. W. J. Bl{\"o}te},
	Date-Added = {2016-06-04 10:43:03 +0000},
	Date-Modified = {2016-06-10 13:47:51 +0000},
	Journal = {Physical Review Letters},
	Month = {6},
	Number = {24},
	Pages = {4548-4551},
	Title = {Dynamic Exponent of the Two-Dimensional Ising Model and Monte Carlo Computation of the Subdominant Eigenvalue of the Stochastic Matrix},
	Volume = {76},
	Year = {1996}}

@article{nijs:1979,
	Author = {M. P. M. den Nijs},
	Date-Added = {2016-05-30 12:36:33 +0000},
	Date-Modified = {2016-05-30 12:37:37 +0000},
	Journal = {Journal of Physics A: Mathematical and General},
	Number = {10},
	Pages = {1857-1868},
	Title = {A relation between the temperature exponents of the eight-vertex and q-state Potts model},
	Volume = {12},
	Year = {1979}}

@article{wu:1982,
	Author = {F. Y. Wu},
	Date-Added = {2016-05-23 13:18:44 +0000},
	Date-Modified = {2016-06-10 13:47:06 +0000},
	Journal = {Reviews of Modern Physics},
	Month = {1},
	Number = {1},
	Pages = {235-268},
	Title = {The Potts model},
	Volume = {54},
	Year = {1982}}

@article{straley:1973,
	Author = {J. P. Straley and Micheal E. Fisher},
	Date-Added = {2016-05-23 13:15:52 +0000},
	Date-Modified = {2016-06-10 13:45:32 +0000},
	Journal = {Journal of Physics A: Mathematical, Nuclear and General},
	Month = {9},
	Pages = {1310-1326},
	Title = {Three-state Potts model and anomalous tricritical points},
	Volume = {6},
	Year = {1973}}

@article{kramers:1941,
	Author = {H. A. Kramers and G. H. Wannier},
	Date-Added = {2016-05-23 13:12:02 +0000},
	Date-Modified = {2016-06-10 13:44:42 +0000},
	Journal = {Physical Review},
	Month = {8},
	Pages = {252-262},
	Title = {Statistics of the Two-Dimesional Ferromagnet. Part {I}},
	Volume = {60},
	Year = {1941}}

@incollection{janke:2002,
	Author = {Wolfhard Janke},
	Booktitle = {Quantum Simulations of Complex Many-Body Systems: From Theory to Algorithms},
	Date-Added = {2016-05-23 13:09:52 +0000},
	Date-Modified = {2016-05-23 13:11:48 +0000},
	Editor = {J. Grotendorst and D. Marx and A. Muramatsu},
	Pages = {423-445},
	Publisher = {John von Neumann Institute for Computing},
	Series = {NIC Series},
	Title = {Statistical Analysis of Simulations: Data Correlations and Error Estimation},
	Volume = {10},
	Year = {2002}}

@article{hu:1980,
	Author = {Bambi Hu},
	Date-Added = {2016-05-23 13:08:08 +0000},
	Date-Modified = {2016-06-10 13:45:40 +0000},
	Journal = {Physical Lettes},
	Month = {9},
	Number = {1},
	Pages = {6-8},
	Title = {Critical Exponents of the Three-State Potts Model},
	Volume = {79A},
	Year = {1980}}

@article{ghaemi:2001,
	Author = {M. Ghaemi and G. A. Parsafar and M. Ashrafizaadeh},
	Date-Added = {2016-05-23 13:06:31 +0000},
	Date-Modified = {2016-05-23 13:07:55 +0000},
	Journal = {Journal of Physical Chemistry B},
	Pages = {10355-10359},
	Title = {Calculation of the Critical Temperature for 2- and 3-Dimensional Ising Models and for 2-Dimensional Potts Models Using the Transfer Matrix Method},
	Volume = {105},
	Year = {2001}}

@article{fan:2007,
	Author = {Shuangli Fan and Fan Zhong},
	Date-Added = {2016-05-23 13:02:31 +0000},
	Date-Modified = {2016-06-10 13:48:36 +0000},
	Journal = {Physical Review E},
	Month = {10},
	Title = {Determination of the dynamic and static critical exponents of the two-dimensional three-state Potts model using linearly varying temperature},
	Volume = {76},
	Year = {2007}}

@article{blote:1981,
	Author = {H. W. J. Bl{\"o}te and M. P. Nightingale and B. Derrida},
	Date-Added = {2016-05-23 12:58:29 +0000},
	Date-Modified = {2016-06-04 10:44:49 +0000},
	Journal = {Journal of Physics A: Mathematical and General},
	Pages = {L45-L49},
	Title = {Critical exponents of two-dimensional Potts and bond percolation models},
	Volume = {14},
	Year = {1981}}

@article{binder:1981a,
	Author = {Kurt Binder},
	Date-Added = {2016-05-23 12:56:09 +0000},
	Date-Modified = {2016-05-23 13:04:06 +0000},
	Journal = {Journal of Statistical Physics},
	Number = {1},
	Pages = {69-86},
	Title = {Static and Dynamic Critical Phenomena of the Two-Dimensional q-State Potts Model},
	Volume = {24},
	Year = {1981}}

@article{baxter:1973,
	Author = {Rodney J. Baxter},
	Date-Added = {2016-05-23 12:54:45 +0000},
	Date-Modified = {2016-06-10 13:48:24 +0000},
	Journal = {Journal of Physics C: Solid State Physics},
	Month = {10},
	Pages = {L445-L448},
	Title = {Potts Model at the critical temperature},
	Volume = {6},
	Year = {1973}}

@article{barkema:1991,
	Author = {Gerard Barkema and Jan de Boer},
	Date-Added = {2016-05-23 12:52:34 +0000},
	Date-Modified = {2016-05-23 12:54:07 +0000},
	Journal = {Physical Review A},
	Month = {December},
	Number = {12},
	Pages = {8000-8005},
	Title = {Numerical study of phase transitions in Potts models},
	Volume = {44},
	Year = {1991}}

@book{berg:2004,
	Author = {Bernd A. Berg},
	Date-Added = {2016-04-30 11:43:16 +0000},
	Date-Modified = {2016-04-30 11:44:10 +0000},
	Publisher = {World Scientific Publishing},
	Title = {Markov Chain Monte Carlo Simulations and Their Statistical Analysis},
	Year = {2004}}

@book{binney:1992,
	Address = {Oxford},
	Author = {J. J. Binney and N. J. Dowrick and A. J. Fisher and M. E. J. Newman},
	Date-Added = {2016-04-28 16:02:47 +0000},
	Date-Modified = {2016-06-07 14:22:02 +0000},
	Publisher = {Clarendon Press},
	Title = {The Theory of Critical Phenomena: An Introduction to the Renormalization Group},
	Year = {1992}}

@book{zinn-justin:2002,
	Author = {Jean Zinn-Justin},
	Date-Added = {2016-04-28 16:00:46 +0000},
	Date-Modified = {2016-04-28 16:01:45 +0000},
	Edition = {4th},
	Publisher = {Clarendon Press},
	Title = {Quantum Field Theory and Critical Phenomena},
	Year = {2002}}

@article{wolff:1989,
	Author = {Ulli Wolff},
	Date-Added = {2016-04-28 15:59:56 +0000},
	Date-Modified = {2016-06-10 13:48:05 +0000},
	Journal = {Physical Review Letters},
	Month = {1},
	Number = {4},
	Pages = {361-364},
	Title = {Collective Monte Carlo Updating for Spin Systems},
	Volume = {62},
	Year = {1989}}

@article{wolff:2004,
	Author = {Ulli Wolff},
	Date-Added = {2016-04-28 15:54:57 +0000},
	Date-Modified = {2016-04-28 15:59:44 +0000},
	Journal = {Computer Physics Communications},
	Month = {November},
	Number = {2},
	Pages = {143-153},
	Title = {Monte Carlo errors with less errors},
	Volume = {156},
	Year = {2004}}

@article{touboul:2014,
	Archiveprefix = {arXiv},
	Author = {Jonathan Touboul},
	Date-Added = {2016-04-28 15:44:33 +0000},
	Date-Modified = {2016-04-28 15:44:53 +0000},
	Eprint = {1410.8001v1},
	Month = {October},
	Primaryclass = {cond-mat.dis-nn},
	Title = {The hipster effect: When anticonformists all look the same},
	Year = {2014}}

@article{tkacik:2015,
	Author = {Gasper Tkacik and Thierry Mora and Olivier Marre and Dario Amodei and Michael J. Berry and William Bialek},
	Date-Added = {2016-04-28 15:37:38 +0000},
	Date-Modified = {2016-06-10 13:46:51 +0000},
	Journal = {PNAS},
	Month = {9},
	Number = {37},
	Pages = {11508-11513},
	Title = {Thermodynamics for a network of neurons: Signatures of criticality},
	Volume = {112},
	Year = {2015}}

@inproceedings{sandvik:2011,
	Author = {Anders W. Sandvik},
	Booktitle = {Lectures on the Physics of Strongly Correlated Systems XIV},
	Date-Added = {2016-04-28 15:30:51 +0000},
	Date-Modified = {2016-06-10 13:47:19 +0000},
	Month = {11},
	Note = {Lecture Notes},
	Organization = {AIP},
	Pages = {135-338},
	Title = {Computational Studies of Quantum Spin Systems},
	Volume = {1297},
	Year = {2010}}

@unpublished{corboz,
	Author = {Phillipe Corboz},
	Date-Added = {2016-04-28 15:24:34 +0000},
	Date-Modified = {2016-05-31 14:07:43 +0000},
	Note = {Lecture Notes},
	Title = {Advanced Numerical Methods in Many Body Physics},
	Year = {2016}}

@article{binder:1981b,
	Author = {Kurt Binder},
	Date-Added = {2016-04-28 15:23:31 +0000},
	Date-Modified = {2016-06-10 13:47:28 +0000},
	Journal = {Physical Review},
	Month = {8},
	Number = {9},
	Pages = {693-696},
	Title = {Critical Properties from Monte Carlo Coarse Graining and Renormalization},
	Volume = {47},
	Year = {1981}}

@book{baxter:1989,
	Address = {London},
	Author = {Rodney J. Baxter},
	Date-Added = {2016-04-28 15:19:41 +0000},
	Date-Modified = {2016-06-07 14:20:45 +0000},
	Edition = {3rd},
	Publisher = {Academic Press},
	Title = {Exactly Solved Models in Statistical Mechanics},
	Year = {1989}}

@article{ashkin:1943,
	Author = {J. Ashkin and E. Teller},
	Date-Added = {2016-04-28 15:16:20 +0000},
	Date-Modified = {2016-06-10 13:48:12 +0000},
	Journal = {Physical Review},
	Month = {9},
	Number = {5},
	Pages = {178-184},
	Title = {Statistics of Two-Dimensional Lattices with Four Components},
	Volume = {64},
	Year = {1943}}

@book{newman:1999,
	Address = {Oxford},
	Author = {M. E. J. Newman and G. T. Barkema},
	Date-Added = {2016-04-12 14:52:02 +0000},
	Date-Modified = {2016-06-07 14:22:15 +0000},
	Publisher = {Clarendon Press},
	Title = {Monte Carlo Methods in Statistical Physics},
	Year = {1999}}

@book{mccoy:1973,
	Address = {Cambridge},
	Author = {Barry M. McCoy and Tai Tsun Wu},
	Date-Added = {2016-04-12 14:24:26 +0000},
	Date-Modified = {2016-06-12 14:36:28 +0000},
	Publisher = {Harvard University Press},
	Title = {The two-dimensional Ising model},
	Year = {1973}}

@book{landau:2015,
	Address = {Cambridge},
	Author = {David P. Landau and Kurt Binder},
	Date-Added = {2016-03-13 17:44:07 +0000},
	Date-Modified = {2016-06-07 14:22:40 +0000},
	Edition = {4th},
	Publisher = {Cambridge University Press},
	Title = {A Guide to Monte Carlo Simulations in Statistical Physics},
	Year = {2015}}

@article{metropolis:1953,
	Author = {Nicholas Metropolis and Arianna W. Rosenbluth and Marshall N. Rosenbluth and Augusta H. Teller and Edward Teller},
	Date-Added = {2016-03-13 17:35:56 +0000},
	Date-Modified = {2016-06-10 13:47:41 +0000},
	Journal = {Journal of Chemical Physics},
	Month = {6},
	Number = {6},
	Pages = {1087-1092},
	Title = {Equation of State Calculations by Fast Computing Machines},
	Volume = {21},
	Year = {1953}}

@article{onsager:1944,
	Author = {Lars Onsager},
	Date-Added = {2016-03-13 17:31:41 +0000},
	Date-Modified = {2016-06-10 13:46:58 +0000},
	Journal = {Physical Review},
	Month = {2},
	Number = {3},
	Pages = {117-149},
	Title = {Crystal Statistics. {I}. A Two-Dimensional Model with an Order-Disorder Transition},
	Volume = {65},
	Year = {1944}}

@article{potts:1952,
	Author = {Renfrey Burnard Potts},
	Date-Added = {2016-03-13 17:28:06 +0000},
	Date-Modified = {2016-06-10 13:45:48 +0000},
	Journal = {Mathematical Proceedings of the Cambridge Philosophical Society},
	Month = {1},
	Number = {1},
	Pages = {106-109},
	Title = {Some Generalized Order-Disorder Transformations},
	Volume = {48},
	Year = {1952}}
